% This file was created with JabRef 2.5.
% Encoding: Cp1252

@STRING{aaai = { National Conference on Artificial Intelligence}}

@STRING{pot = {Proceedings of the }}

@STRING{first = {First}}

@STRING{aaai-82 = pot # first # aaai}

@STRING{second = {Second}}

@STRING{aaai-83 = pot # second # aaai}

@STRING{third = {Third}}

@STRING{aaai-84 = pot # third # aaai}

@STRING{fourth = {Fourth}}

@STRING{aaai-85 = pot # fourth # aaai}

@STRING{fifth = {Fifth}}

@STRING{aaai-86 = pot # fifth # aaai}

@STRING{sixth = {Sixth}}

@STRING{aaai-87 = pot # sixth # aaai}

@STRING{seventh = {Seventh}}

@STRING{aaai-88 = pot # seventh # aaai}

@STRING{eighth = {Eighth}}

@STRING{aaai-89 = pot # eighth # aaai}

@STRING{ninth = {Ninth}}

@STRING{aaai-90 = pot # ninth # aaai}

@STRING{tenth = {Tenth}}

@STRING{aaai-91 = pot # tenth # aaai}

@STRING{eleventh = {Eleventh}}

@STRING{aaai-92 = pot # eleventh # aaai}

@STRING{twelfth = {Twelfth}}

@STRING{aaai-93 = pot # twelfth # aaai}

@STRING{thirteenth = {Thirteenth}}

@STRING{aaai-94 = pot # thirteenth # aaai}

@STRING{fourteenth = {Fourteenth}}

@STRING{aaai-97 = pot # fourteenth # aaai}

@STRING{fifteenth = {Fifteenth}}

@STRING{aaai-98 = pot # fifteenth # aaai}

@STRING{aai = {Applied Artificial Intelligence}}

@STRING{aap = {Advances in Applied Probability}}

@STRING{acm = {Communications of the ACM}}

@STRING{ai = {Artificial Intelligence}}

@STRING{aimag = {AI Magazine}}

@STRING{ajph = {Australian Journal of Physics}}

@STRING{annmathai = {Annals of Mathematics and Artificial Intelligence}}

@STRING{annmathstat = {Annals of Mathematical Statistics}}

@STRING{annstat = {The Annals of Statistics}}

@STRING{ap = {Academic Press}}

@STRING{apr = {April}}

@STRING{ats = {Department of Theoretical Statistics, Aarhus University, Denmark}}

@STRING{aug = {August}}

@STRING{biomed = {International Journal of Biomedical Computation}}

@STRING{biomka = {Biometrika}}

@STRING{bioms = {Biometrics}}

@STRING{bisi = {Bulletin of the International Statistical Institute}}

@STRING{cs-aau = {Department of Computer Science, Aalborg University, Denmark}}

@STRING{csaddr = {Fredrik Bajers Vej 7, DK-9220 Aalborg~Ø}}

@STRING{csda = {Computational Statistics and Data Analysis}}

@STRING{csl-ucla = {Cognitive Systems Laboratory, University of California, LA}}

@STRING{csq = {Computational Statistics Quarterly}}

@STRING{cuai = { Conference on Uncertainty in Artificial Intelligence}}

@STRING{dec = {December}}

@STRING{dees-stanford = {Department of Engineering-Economic Systems, Stanford University,
	California}}

@STRING{diku = {Datalogisk Institut, Københavns Universitet}}

@STRING{discmath = {Discrete Mathematics}}

@STRING{econ = {Econometrica}}

@STRING{eighteenth = {Eighteenth}}

@STRING{elsevier = {Elsevier Science Publishers B. V. (North-Holland)}}

@STRING{feb = {February}}

@STRING{humher = {Human Heredity}}

@STRING{ieee-tac = {IEEE Transactions on Automatic Control}}

@STRING{ieee-tit = {IEEE Transactions on Information Theory}}

@STRING{ieee-tpami = {IEEE Transactions on Pattern Analysis and Machine Intelligence}}

@STRING{ieee-tsmc = {IEEE Transactions on Systems, Man, and Cybernetics}}

@STRING{ies = {Institute for Electronic Systems, Aalborg University, Denmark}}

@STRING{ijar = {International Journal of Approximate Reasoning}}

@STRING{ijcai = { International Joint Conference on Artificial Intelligence}}

@STRING{ijcai-69 = pot # first # ijcai}

@STRING{ijcai-71 = pot # second # ijcai}

@STRING{ijcai-73 = pot # third # ijcai}

@STRING{ijcai-75 = pot # fourth # ijcai}

@STRING{ijcai-77 = pot # fifth # ijcai}

@STRING{ijcai-79 = pot # sixth # ijcai}

@STRING{ijcai-81 = pot # seventh # ijcai}

@STRING{ijcai-83 = pot # eighth # ijcai}

@STRING{ijcai-85 = pot # ninth # ijcai}

@STRING{ijcai-87 = pot # tenth # ijcai}

@STRING{ijcai-89 = pot # eleventh # ijcai}

@STRING{ijcai-91 = pot # twelfth # ijcai}

@STRING{ijcai-93 = pot # thirteenth # ijcai}

@STRING{ijcai-95 = pot # fourteenth # ijcai}

@STRING{ijcai-97 = pot # fifteenth # ijcai}

@STRING{sixteenth = {Sixteenth}}

@STRING{ijcai-99 = pot # sixteenth # ijcai}

@STRING{ipmu = { International Conference on Information Processing and Management
	of Uncertainty in Knowledge-Based Systems (IPMU)}}

@STRING{ipmu-90 = pot # first # ipmu}

@STRING{ipmu-91 = pot # second # ipmu}

@STRING{ipmu-92 = pot # third # ipmu}

@STRING{ipmu-93 = pot # fourth # ipmu}

@STRING{ipmu-94 = pot # fifth # ipmu}

@STRING{jair = {Journal of Artificial Intelligence Research}}

@STRING{jan = {January}}

@STRING{jasa = {Journal of the American Statistical Association}}

@STRING{jmaa = {Journal of Mathematical Analysis and Applications}}

@STRING{jrssa = {Journal of the Royal Statistical Society, Series~A}}

@STRING{jrssb = {Journal of the Royal Statistical Society, Series~B}}

@STRING{jul = {July}}

@STRING{jun = {June}}

@STRING{kaufmann = {Morgan Kaufmann Publishers}}

@STRING{kluwer = {Kluwer Academic Publishers}}

@STRING{ksl-mcs-stanford = {Knowledge Systems Laboratory, Medical Computer Science, Stanford
	University, California}}

@STRING{mar = {March}}

@STRING{may = {May}}

@STRING{networks = {Networks}}

@STRING{nineteenth = {Nineteenth}}

@STRING{nov = {November}}

@STRING{oct = {October}}

@STRING{prenth = {Prentice Hall}}

@STRING{sac = {Statistics and Computing}}

@STRING{sank = {Sankhy\={a}, Series~A}}

@STRING{sb-kansas = {School of Business, University of Kansas, Lawrence, Kansas}}

@STRING{scamc = { Annual Symposium on Computer Applications in Medical Care (SCAMC)}}

@STRING{scamc-13 = pot # thirteenth # scamc}

@STRING{scamc-14 = pot # fourteenth # scamc}

@STRING{sci = {Science}}

@STRING{sep = {September}}

@STRING{seventeenth = {Seventeenth}}

@STRING{sfe = {Statistical Research Unit, University of Copenhagen}}

@STRING{siamjadm = {SIAM Journal on Algebraic and Discrete Methods}}

@STRING{siamjam = {SIAM Journal on Applied Mathematics}}

@STRING{siamjc = {SIAM Journal on Computing}}

@STRING{siamjna = {SIAM Journal on Numerical Analysis}}

@STRING{sjs = {Scandinavian Journal of Statistics}}

@STRING{springer = {Springer-Verlag}}

@STRING{statcomp = {Statistics and Computing}}

@STRING{statsci = {Statistical Science}}

@STRING{technometrics = {Technometrics}}

@STRING{twentieth = {Twentieth}}

@STRING{uai-00 = pot # sixteenth # cuai}

@STRING{wsuai = { Workshop on Uncertainty in Artificial Intelligence}}

@STRING{uai-85 = pot # first # wsuai}

@STRING{uai-86 = pot # second # wsuai}

@STRING{uai-87 = pot # third # wsuai}

@STRING{uai-88 = pot # fourth # wsuai}

@STRING{uai-89 = pot # fifth # wsuai}

@STRING{uai-90 = pot # sixth # wsuai}

@STRING{uai-91 = pot # seventh # cuai}

@STRING{uai-92 = pot # eighth # cuai}

@STRING{uai-93 = pot # ninth # cuai}

@STRING{uai-94 = pot # tenth # cuai}

@STRING{uai-95 = pot # eleventh # cuai}

@STRING{uai-96 = pot # twelfth # cuai}

@STRING{uai-97 = pot # thirteenth # cuai}

@STRING{uai-98 = pot # fourteenth # cuai}

@STRING{uai-99 = pot # fifteenth # cuai}

@STRING{wiley = {Wiley \& Sons}}


@ARTICLE{Mau84,
  author = {J.R. MAUTZ and R.F. HARRINGTON},
  title = {An E-Field solution for a conducting surface small or comparable to the wavelength},
  journal = {IEEE Trans.  AP},
  year = {1984},
  volume = {32},
  pages = {330-339}
}

@BOOK{max82,
  title = {Atreatise on Electricity and Magnetism},
  publisher = {Oxford : Clarendon},
  year = {1982},
  volume = {3(2)},
  author = {J.CLERCK MAXWELL}
}

@TECHREPORT{Oet06,
  author = {Tobias Oetiker},
  title = {{The Not So Short Introduction to LaTeX}},
  note = {\url{http://tobi.oetiker.ch/lshort/lshort.pdf}}
}

@comment{jabref-meta: selector_publisher:}

@comment{jabref-meta: selector_URL:}

@comment{jabref-meta: selector_journal:}

@comment{jabref-meta: selector_keywords:}
